<?xml version="1.0" encoding="UTF-8"?><collection xmlns="http://www.loc.gov/MARC21/slim"><record><leader>00471nam--2200145-i-4500</leader><controlfield tag="001">000003357</controlfield><controlfield tag="002">20161230</controlfield><controlfield tag="005">20170219001324</controlfield><controlfield tag="008">060222s1000------------r-----000-0-eng-d</controlfield><datafield ind1=" " ind2=" " tag="100"><subfield code="a">Lepinay, Mace De</subfield></datafield><datafield ind1=" " ind2=" " tag="245"><subfield code="a">Cours de trigonometrie. A l usage des eleves de mathematiques elementaires et des v-eme annee de l enseignement special. Nouvelle serie revue et corrigee</subfield></datafield><datafield ind1=" " ind2=" " tag="260"><subfield code="a">Paris</subfield><subfield code="b">Masson</subfield></datafield><datafield ind1=" " ind2=" " tag="300"><subfield code="a">428 p</subfield></datafield><datafield ind1=" " ind2=" " tag="700"><subfield code="a">Vacquant, Ch</subfield></datafield><datafield ind1=" " ind2=" " tag="CAT"><subfield code="a">SYS</subfield><subfield code="c">20170219</subfield><subfield code="h">001324</subfield></datafield></record></collection>